@manual{ap400,
title = {Versuchsanleitung zu Versuch Nr. 400 Refelxion, Brechung und Beugung},
year = 2023,
organization = {Fakult√§t Physik, TU Dortmund},
}
